<?xml version="1.0" encoding="UTF-8"?><collection xmlns="http://www.loc.gov/MARC21/slim"><record><leader>00432nam--2200157-i-4500</leader><controlfield tag="001">000019948</controlfield><controlfield tag="002">20161230</controlfield><controlfield tag="005">20170225192607</controlfield><controlfield tag="008">060222s1000------------r-----000-0-eng-d</controlfield><datafield ind1=" " ind2=" " tag="080"><subfield code="a">541.1.16:538.913</subfield></datafield><datafield ind1=" " ind2=" " tag="100"><subfield code="a">Englman, R</subfield></datafield><datafield ind1=" " ind2=" " tag="245"><subfield code="a">Non-radiative decay of ions and molecules in solids</subfield></datafield><datafield ind1=" " ind2=" " tag="260"><subfield code="a">Amsterdam</subfield><subfield code="b">North-holland Publishing Company</subfield><subfield code="c">1979</subfield></datafield><datafield ind1=" " ind2=" " tag="300"><subfield code="a">XIII + 336 p</subfield></datafield><datafield ind1=" " ind2=" " tag="852"><subfield code="a">49074</subfield></datafield><datafield ind1=" " ind2=" " tag="CAT"><subfield code="a">SYS</subfield><subfield code="c">20170225</subfield><subfield code="h">192607</subfield></datafield></record></collection>